@STRING{SRL="Seismological Research Letters"}

@ARTICLE{abrahamson:97,
	author = {N. A. Abrahamson and W. J. Silva},
	title = {Empirical response spectral attenuation relations for shallow crustal earthquakes },
	journal = SRL,
	year = {1997},
	volume = {68},
	number = {1},
	pages = {94--127},
	month = {January--Feburary}
}

@CONFERENCE{kottke:07,
author = {Albert R. Kottke and Ellen M. Rathje},
title = {Semi-Automated Selection and Scaling of Earthquake Ground Motions},
booktitle = {4$^{th}$ International Conference on Earthquake Geotechnical Engineering},
year = {2007},
address = {Thessaloniki, Greece},
otherinfo = {Paper 1248}
}

@ARTICLE{kottke:08,
author = {Albert R. Kottke and Ellen M. Rathje},
title = {A Semi-Automated Procedure for Selection and Scaling of Recorded Earthquake Motions for Dynamic Analysis},
journal = {Earthquake Spectra},
year = {2008},
volume = {24},
number = {4},
pages = {911--932},
month = {November}
}

